<?xml version="1.0" encoding="UTF-8"?>
<record xmlns="http://www.loc.gov/MARC21/slim">
   <leader>01520cas a2200397 a 4500</leader>
   <controlfield tag="001">3429923</controlfield>
   <controlfield tag="008">051129c199u9999abcar        s0     eng d</controlfield>
   <datafield tag="035" ind1=" " ind2=" ">
      <subfield code="a">ocn166333844</subfield>
   </datafield>
   <datafield tag="040" ind1=" " ind2=" ">
      <subfield code="a">AEU</subfield>
      <subfield code="b">eng</subfield>
   </datafield>
   <datafield tag="043" ind1=" " ind2=" ">
      <subfield code="a">n-cn-ab</subfield>
   </datafield>
   <datafield tag="090" ind1=" " ind2=" ">
      <subfield code="a">HV 1475 A4 S42</subfield>
      <subfield code="b">AEU</subfield>
   </datafield>
   <datafield tag="110" ind1="2" ind2=" ">
      <subfield code="a">Seniors Advisory Council for Alberta.</subfield>
   </datafield>
   <datafield tag="240" ind1="0" ind2="0">
      <subfield code="a">Annual report for ... to the Minister of Seniors // Seniors Advisory Council for Alberta.</subfield>
   </datafield>
   <datafield tag="245" ind1="1" ind2="0">
      <subfield code="a">Annual report for ... to the Minister of Seniors 2007 - 2008</subfield>
      <subfield code="c">Seniors Advisory Council for Alberta.</subfield>
   </datafield>
   <datafield tag="246" ind1="1" ind2=" ">
      <subfield code="i">Issues for 2010/2011- have title:</subfield>
      <subfield code="a">Annual Report ...</subfield>
   </datafield>
   <datafield tag="260" ind1=" " ind2=" ">
      <subfield code="a">[Edmonton] :</subfield>
      <subfield code="b">The Council,</subfield>
   </datafield>
   <datafield tag="300" ind1=" " ind2=" ">
      <subfield code="a">v. :</subfield>
      <subfield code="b">ill. ;</subfield>
      <subfield code="c">28 cm.</subfield>
   </datafield>
   <datafield tag="310" ind1=" " ind2=" ">
      <subfield code="a">Annual</subfield>
   </datafield>
   <datafield tag="336" ind1=" " ind2=" ">
      <subfield code="a">text</subfield>
      <subfield code="b">txt</subfield>
      <subfield code="2">rdacontent</subfield>
   </datafield>
   <datafield tag="337" ind1=" " ind2=" ">
      <subfield code="a">unmediated</subfield>
      <subfield code="b">n</subfield>
      <subfield code="2">rdamedia</subfield>
   </datafield>
   <datafield tag="338" ind1=" " ind2=" ">
      <subfield code="a">volume</subfield>
      <subfield code="b">nc</subfield>
      <subfield code="2">rdacarrier</subfield>
   </datafield>
   <datafield tag="500" ind1=" " ind2=" ">
      <subfield code="a">Title from cover.</subfield>
   </datafield>
   <datafield tag="515" ind1=" " ind2=" ">
      <subfield code="a">"For the year ending March 31, ..."</subfield>
   </datafield>
   <datafield tag="588" ind1=" " ind2=" ">
      <subfield code="a">Description based on: 2003/2004.</subfield>
   </datafield>
   <datafield tag="588" ind1=" " ind2=" ">
      <subfield code="a">Latest issue consulted: 2010/2011.</subfield>
   </datafield>
   <datafield tag="596" ind1=" " ind2=" ">
      <subfield code="a">43</subfield>
   </datafield>
   <datafield tag="610" ind1="2" ind2="0">
      <subfield code="a">Seniors Advisory Council for Alberta</subfield>
      <subfield code="v">Periodicals.</subfield>
   </datafield>
   <datafield tag="650" ind1=" " ind2="0">
      <subfield code="a">Older people</subfield>
      <subfield code="x">Services for</subfield>
      <subfield code="z">Alberta</subfield>
      <subfield code="v">Periodicals.</subfield>
   </datafield>
   <datafield tag="780" ind1="0" ind2="0">
      <subfield code="a">Seniors Advisory Council for Alberta.</subfield>
      <subfield code="t">Year in review.</subfield>
   </datafield>
   <datafield tag="940" ind1=" " ind2=" ">
      <subfield code="a">NO EJOURNAL HOLDINGS</subfield>
   </datafield>
   <datafield tag="926" ind1=" " ind2=" ">
      <subfield code="a">UAHSS</subfield>
      <subfield code="b">ON_SHELF</subfield>
      <subfield code="c">HV 1475 A4 S42 2003/2004</subfield>
      <subfield code="d">BOOK</subfield>
      <subfield code="f">1</subfield>
   </datafield>
   <datafield tag="926" ind1=" " ind2=" ">
      <subfield code="a">UAHSS</subfield>
      <subfield code="b">ON_SHELF</subfield>
      <subfield code="c">HV 1475 A4 S42 2005/2006</subfield>
      <subfield code="d">BOOK</subfield>
      <subfield code="f">1</subfield>
   </datafield>
   <datafield tag="926" ind1=" " ind2=" ">
      <subfield code="a">UAHSS</subfield>
      <subfield code="b">ON_SHELF</subfield>
      <subfield code="c">HV 1475 A4 S42 2006/2007</subfield>
      <subfield code="d">BOOK</subfield>
      <subfield code="f">1</subfield>
   </datafield>
   <datafield tag="926" ind1=" " ind2=" ">
      <subfield code="a">UAHSS</subfield>
      <subfield code="b">ON_SHELF</subfield>
      <subfield code="c">HV 1475 A4 S42 2010/2011</subfield>
      <subfield code="d">BOOK</subfield>
      <subfield code="f">1</subfield>
   </datafield>
   <datafield tag="927" ind1=" " ind2=" ">
      <subfield code="a">UAHSS</subfield>
   </datafield>
   <datafield tag="927" ind1=" " ind2=" ">
      <subfield code="b">Location</subfield>
      <subfield code="c">ON_SHELF-- HV 1475 A4 S42</subfield>
   </datafield>
   <datafield tag="927" ind1=" " ind2=" ">
      <subfield code="b">Library has</subfield>
      <subfield code="c">2003/2004,2005/2006-2006/2007,2010/2011-</subfield>
   </datafield>
</record>
